@article{ehealthkd19_overview,
    author = {Alejandro Piad-Morffis,
              Yoan Gutiérrez,
              Juan P. Consuegra-Ayala,
              Suilan Estevez-Velarde,
              Yudivián Almeida-Cruz,
              Rafael Muñoz,
              Andrés Montoyo},
    journal = {CEUR Workshop Proceedings},
    keywords = {eHealth,
                Natural Language Processing,
                Knowledge Discovery,
                Spanish Language,
                Entity Detection,
                Relation Extraction,
                Machine Learning,
                Knowledge-Based Systems},
    pages = {to appear},
    title = {Overview of the eHealth Knowledge Discovery Challenge at IberLEF 2019},
    year = {2019}
}
