@inproceedings{DBLP:conf/sepln/Piad-MorffisGCE19,
  author    = {Alejandro Piad{-}Morffis and
               Yoan Guti{\'{e}}rrez and
               Juan Pablo Consuegra{-}Ayala and
               Suilan Estevez{-}Velarde and
               Yudivi{\'{a}}n Almeida{-}Cruz and
               Rafael Mu{\~{n}}oz and
               Andr{\'{e}}s Montoyo},
  title     = {Overview of the eHealth Knowledge Discovery Challenge at IberLEF 2019},
  booktitle = {Proceedings of the Iberian Languages Evaluation Forum co-located with
               35th Conference of the Spanish Society for Natural Language Processing,
               IberLEF@SEPLN 2019, Bilbao, Spain, September 24th, 2019.},
  pages     = {1--16},
  year      = {2019},
  crossref  = {DBLP:conf/sepln/2019iberlef},
  url       = {http://ceur-ws.org/Vol-2421/eHealth-KD\_overview.pdf},
  timestamp = {Fri, 30 Aug 2019 13:15:06 +0200},
  biburl    = {https://dblp.org/rec/bib/conf/sepln/Piad-MorffisGCE19},
  bibsource = {dblp computer science bibliography, https://dblp.org}
}
